<?xml version="1.0" encoding="UTF-8"?><collection xmlns="http://www.loc.gov/MARC21/slim"><record><leader>00577nam--2200205-u-4500</leader><controlfield tag="001">000053484</controlfield><controlfield tag="002">20161230</controlfield><controlfield tag="005">20161230201051</controlfield><controlfield tag="008">110407s1000------------r-----000-0-eng-d</controlfield><datafield ind1=" " ind2=" " tag="020"><subfield code="a">0080426980</subfield></datafield><datafield ind1=" " ind2=" " tag="040"><subfield code="a">IFIN-HH</subfield></datafield><datafield ind1=" " ind2=" " tag="080"><subfield code="a">548.24:538.732</subfield></datafield><datafield ind1="1" ind2=" " tag="100"><subfield code="a">Egami, T</subfield></datafield><datafield ind1="1" ind2="0" tag="245"><subfield code="a">Underneath the bragg peaks</subfield><subfield code="b">Structural analsis of complex materials</subfield><subfield code="c">T. egami; s.j.l. billinge</subfield></datafield><datafield ind1=" " ind2=" " tag="260"><subfield code="a">Amsterdam</subfield><subfield code="b">Pergamon</subfield><subfield code="c">2003</subfield></datafield><datafield ind1=" " ind2=" " tag="300"><subfield code="a">404P</subfield></datafield><datafield ind1=" " ind2=" " tag="490"><subfield code="a">Pergamon Materials Series</subfield><subfield code="v">Vol. 7</subfield></datafield><datafield ind1="1" ind2=" " tag="700"><subfield code="a">Billinge, S.J.L</subfield></datafield><datafield ind1=" " ind2=" " tag="852"><subfield code="a">81523</subfield><subfield code="c">548</subfield></datafield><datafield ind1=" " ind2=" " tag="CAT"><subfield code="a">Sys</subfield><subfield code="c">20110407</subfield><subfield code="h">125143</subfield></datafield></record></collection>